<?xml version="1.0" encoding="UTF-8"?><collection xmlns="http://www.loc.gov/MARC21/slim"><record><leader>00408nam--2200121-i-4500</leader><controlfield tag="001">000004531</controlfield><controlfield tag="002">20161230</controlfield><controlfield tag="005">20161230201025</controlfield><controlfield tag="008">060222s1000------------r-----000-0-eng-d</controlfield><datafield ind1=" " ind2=" " tag="100"><subfield code="a">Bettoni,M.,Bertolini,G.,Bisi,A</subfield></datafield><datafield ind1=" " ind2=" " tag="245"><subfield code="a">Total ionization of   -particles of po in mixt ures of gases</subfield></datafield><datafield ind1=" " ind2=" " tag="260"><subfield code="a">Milano,Inst.Di Fisica Sperimentale Del Politec Nico ,1953. Lp.+ 2 Fig</subfield></datafield><datafield ind1=" " ind2=" " tag="490"><subfield code="a">The Physical Review,92-1586/1953</subfield></datafield></record></collection>